@book{book2015,
   author = {Andy Great},
   title = {This is the book title},
   publisher = {This is the name of the publisher},
   year = {2015}
 }
 
@inproceedings{conf,
    author = {Frank Author and Simon Author and Peter Author},
    title = {This is the title of a conference paper},
    booktitle = {This is the title of the proceedings/conference},
    pages = {1--100},
    year = {2015}
 }   

@article{article,
   author = {Max Power},
   title = {This is the title of a journal article},
   journal = {This is the name of the journal},
   volume = {8},
   number = {1},
   pages = {2--3},
   year = {2015}
}
   
@article{Pukoban,
	author = {Tadeu Zubaran and Marcus Ritt},
	title = {Agent motion planning with pull and push moves},
	journal = {Encontro Nacional de Inteligncia Artificial (ENIA)},
	volume = {8},
	year = {2011}
}
   




@article{Thorup,
  author = {Thorup, Mikkel},
  title = {Undirected Single-source Shortest Paths with Positive Integer Weights in Linear Time},
  journal = {J. ACM},
  issue_date = {May 1999},
  volume = {46},
  number = {3},
  month = may,
  year = {1999},
  issn = {0004-5411},
  pages = {362--394},
  numpages = {33},
  url = {http://doi.acm.org.proxy.findit.dtu.dk/10.1145/316542.316548},
  doi = {10.1145/316542.316548},
  acmid = {316548},
  publisher = {ACM},
  address = {New York, NY, USA},
  keywords = {RAM algorithms, shortest paths},
} 

@techreport{jonhson,
  author = {Rishabh Chaudhary and Ankit Sablok and Deepak Gupta},
  title = {All Pairs Shortest Paths Algorithms},
  institution = "Bhagwan Parshuram Insittie of Technology, Delhi, India",
  address  = "http://citeseerx.ist.psu.edu/viewdoc/summary?doi=10.1.1.165.5554",
  year      = "-"
}


@article{fibonacchi,
   author = {John Boyer},
   title = {The Fibonacci Heap},
   journal = {Dr. Dobb's Journal},
   volume = {22},
   number = {1},
   pages = {106-8, 114-15},
   year = {1997}
}